% LTeX: enabled=false

@article{ambegaokar2010estimating,
  title={Estimating errors reliably in {M}onte {C}arlo simulations of the {E}hrenfest model},
  author={Ambegaokar, Vinay and Troyer, Matthias},
  journal={Am. J. Phys.},
  volume={78},
  number={2},
  pages={150--157},
  year={2010},
  publisher={AIP Publishing},
  doi={10.1119/1.3247985}
}

@article{arya2022automatic,
  title={Automatic differentiation of programs with discrete randomness},
  author={Arya, Gaurav and Schauer, Moritz and Sch{\"a}fer, Frank and Rackauckas, Christopher},
  journal={Advances in Neural Information Processing Systems ({NeurIPS})},
  volume={35},
  pages={10435--10447},
  year={2022}
}

@article{baxter1995solvable,
  title={Solvable models in statistical mechanics, from {O}nsager onward},
  author={Baxter, R.~J.},
  journal={J. Stat. Phys.},
  volume={78},
  pages={7--16},
  year={1995},
  publisher={Springer},
  doi={10.1007/BF02183337}
}

@article{baydin2018automatic,
  title={Automatic differentiation in machine learning: {A} survey},
  author={Baydin, Atilim Gunes and Pearlmutter, Barak A. and Radul, Alexey Andreyevich and Siskind, Jeffrey Mark},
  journal={J. Mach. Learn. Res.},
  volume={18},
  number={153},
  pages={1--43},
  year={2018},
  publisher={MIT Press},
  url={http://jmlr.org/papers/v18/17-468.html}
}

@article{belardinelli2007wang,
  title={Wang--{L}andau algorithm: {A} theoretical analysis of the saturation of the error},
  author={Belardinelli, R.~E. and Pereyra, V.~D.},
  journal={J. Chem. Phys.},
  volume={127},
  number={18},
  pages={184105},
  year={2007},
  publisher={AIP Publishing},
  doi={10.1063/1.2803061}
}

@article{bethe1931theorie,
  title={Zur {T}heorie der {M}etalle: {I}. {E}igenwerte und {E}igenfunktionen der linearen {A}tomkette},
  author={Bethe, Hans},
  journal={Z. Phys.},
  volume={71},
  number={3},
  pages={205--226},
  year={1931},
  publisher={Springer},
  doi={10.1007/BF01341708}
}

@article{biazzo2024sparse,
  title={Sparse autoregressive neural networks for classical spin systems},
  author={Biazzo, Indaco and Wu, Dian and Carleo, Giuseppe},
  journal={Mach. Learn.: Sci. Technol.},
  volume={5},
  number={2},
  pages={025074},
  year={2024},
  publisher={IOP Publishing},
  doi={10.1088/2632-2153/ad5783}
}

@article{box1958note,
  title={A note on the generation of random normal deviates},
  author={Box, George E.~P. and Muller, Mervin E.},
  journal={Ann. Math. Stat.},
  volume={29},
  number={2},
  pages={610--611},
  year={1958},
  publisher={Institute of Mathematical Statistics},
  doi={10.1214/aoms/1177706645}
}

@book{boyd2004convex,
  title={Convex Optimization},
  author={Boyd, Stephen and Vandenberghe, Lieven},
  year={2004},
  publisher={Cambridge University Press},
  isbn={978-0-521-83378-3}
}

@article{caravelli2022some,
  title={Some exactly solvable and tunable frustrated spin models},
  author={Caravelli, Francesco},
  journal={Physica A},
  volume={594},
  pages={127007},
  year={2022},
  publisher={Elsevier},
  doi={10.1016/j.physa.2022.127007}
}

@article{carleo2019netket,
  title={{NetKet}: {A} machine learning toolkit for many-body quantum systems},
  author={Carleo, Giuseppe and Choo, Kenny and Hofmann, Damian and Smith, James E.~T. and Westerhout, Tom and Alet, Fabien and Davis, Emily J. and Efthymiou, Stavros and Glasser, Ivan and Lin, Sheng-Hsuan and Mauri, Marta and Mazzola, Guglielmo and Mendl, Christian B. and van Nieuwenburg, Evert and O'Reilly, Ossian and Th{\'e}veniaut, Hugo and Torlai, Giacomo and Vicentini, Filippo and Wietek, Alexander},
  journal={Software{X}},
  pages={100311},
  year={2019},
  doi={10.1016/j.softx.2019.100311}
}

@article{catumba2023stochastic,
  title={Stochastic automatic differentiation for {M}onte {C}arlo processes},
  author={Catumba, Guilherme and Ramos, Alberto and Zaldivar, Bryan},
  journal={arXiv Preprint},
  year={2023},
  archiveprefix={arXiv},
  eprint={2307.15406}
}

@book{chaikin1995principles4,
  title={Principles of Condensed Matter Physics},
  author={Chaikin, Paul M. and Lubensky, Tom C.},
  chapter={4},
  year={1995},
  publisher={Cambridge University Press},
  isbn={978-0-521-43224-5}
}

@book{chaikin1995principles5,
  title={Principles of Condensed Matter Physics},
  author={Chaikin, Paul M. and Lubensky, Tom C.},
  chapter={5},
  year={1995},
  publisher={Cambridge University Press},
  isbn={978-0-521-43224-5}
}

@article{curry1944method,
  title={The method of steepest descent for non-linear minimization problems},
  author={Curry, Haskell B.},
  journal={Q. Appl. Math.},
  volume={2},
  number={3},
  pages={258--261},
  year={1944},
  publisher={Brown University Press},
  doi={10.1090/qam/10667}
}

@article{feller1968extention,
  title={An extention of the law of the iterated logarithm to variables without variance},
  author={Feller, William},
  journal={J. Math. Mech.},
  volume={18},
  number={4},
  pages={343--355},
  year={1968},
  publisher={Wiley-VCH},
  doi={10.1512/iumj.1969.18.18027}
}

@article{fisher1935detection,
  title={The detection of linkage with ``dominant'' abnormalities},
  author={Fisher, Ronald Aylmer},
  journal={Ann. Eugen.},
  volume={6},
  number={2},
  pages={187--201},
  year={1935},
  publisher={Wiley},
  doi={10.1111/j.1469-1809.1935.tb02227.x}
}

@article{gelman1992inference,
  title={Inference from iterative simulation using multiple sequences},
  author={Gelman, Andrew and Rubin, Donald B.},
  journal={Stat. Sci.},
  volume={7},
  number={4},
  pages={457--472},
  year={1992},
  publisher={Institute of Mathematical Statistics},
  doi={10.1214/ss/1177011136}
}

@article{goodman2010ensemble,
  title={Ensemble samplers with affine invariance},
  author={Goodman, Jonathan and Weare, Jonathan},
  journal={Commun. Appl. Math. Comput. Sci.},
  volume={5},
  number={1},
  pages={65--80},
  year={2010},
  publisher={Mathematical Sciences Publishers},
  doi={10.2140/camcos.2010.5.65}
}

@article{gujrati1995bethe,
  title={Bethe or {B}ethe-like lattice calculations are more reliable than conventional mean-field calculations},
  author={Gujrati, P.~D.},
  journal={Phys. Rev. Lett.},
  volume={74},
  number={5},
  pages={809},
  year={1995},
  publisher={American Physics Society},
  doi={10.1103/PhysRevLett.74.809}
}

@article{hastings1970monte,
  title={Monte {C}arlo sampling methods using {M}arkov chains and their applications},
  author={Hastings, W. Keith},
  journal={Biometrika},
  volume={57},
  number={1},
  pages={97--109},
  year={1970},
  publisher={Oxford University Press},
  doi={10.2307/2334940}
}

@article{hyvarinen2005estimation,
  title={Estimation of non-normalized statistical models by score matching.},
  author={Hyv{\"a}rinen, Aapo and Dayan, Peter},
  journal={J. Mach. Learn. Res.},
  volume={6},
  number={4},
  year={2005},
  publisher={MIT Press},
  url={https://jmlr.org/papers/v6/hyvarinen05a.html}
}

@article{ikeda2004stochastic,
  title={Stochastic reasoning, free energy, and information geometry},
  author={Ikeda, Shiro and Tanaka, Toshiyuki and Amari, Shun-ichi},
  journal={Neural Comput.},
  volume={16},
  number={9},
  pages={1779--1810},
  year={2004},
  publisher={MIT Press},
  doi={10.1162/0899766041336477}
}

@article{jordan1999introduction,
  title={An introduction to variational methods for graphical models},
  author={Jordan, Michael I. and Ghahramani, Zoubin and Jaakkola, Tommi S. and Saul, Lawrence K.},
  journal={Mach. Learn.},
  volume={37},
  pages={183--233},
  year={1999},
  publisher={Springer},
  doi={10.1023/A:1007665907178}
}

@inproceedings{kogge2022frontier,
  title={Frontier vs the exascale report: {W}hy so long? {A}nd are we really there yet?},
  author={Kogge, Peter M. and Dally, William J.},
  booktitle={2022 {IEEE/ACM} International Workshop on Performance Modeling, Benchmarking and Simulation of High Performance Computer Systems ({PMBS})},
  pages={26--35},
  year={2022}
}

@article{krieken2021storchastic,
  title={Storchastic: {A} framework for general stochastic automatic differentiation},
  author={Krieken, Emile and Tomczak, Jakub and Ten Teije, Annette},
  journal={Advances in Neural Information Processing Systems ({NeurIPS})},
  volume={34},
  pages={7574--7587},
  year={2021}
}

@article{kullback1951information,
  title={On information and sufficiency},
  author={Kullback, Solomon and Leibler, Richard A.},
  journal={Ann. Math. Stat.},
  volume={22},
  number={1},
  pages={79--86},
  year={1951},
  publisher={Institute of Mathematical Statistics},
  doi={10.1214/aoms/1177729694}
}

@book{landau2021guide1,
  title={A Guide to {M}onte {C}arlo Simulations in Statistical Physics},
  author={Landau, David P. and Binder, Kurt},
  chapter={1},
  year={2021},
  publisher={Cambridge University Press},
  doi={978-1-108-49014-6}
}

@book{landau2021guide5,
  title={A Guide to {M}onte {C}arlo Simulations in Statistical Physics},
  author={Landau, David P. and Binder, Kurt},
  chapter={5},
  year={2021},
  publisher={Cambridge University Press},
  doi={978-1-108-49014-6}
}

@book{mackay2003information,
  title={Information Theory, Inference and Learning Algorithms},
  author={MacKay, David J.~C.},
  chapter={33},
  year={2003},
  publisher={Cambridge University Press},
  isbn={978-0-521-64298-9}
}

@book{march2016exactly,
  title={Exactly Solvable Models in Many-Body Theory},
  author={March, Norman H. and Angilella, Giuseppe G.~N.},
  year={2016},
  publisher={World Scientific},
  isbn={978-981-3140-14-1}
}

@article{metropolis1949monte,
  title={The {M}onte {C}arlo method},
  author={Metropolis, Nicholas and Ulam, Stanislaw},
  journal={J. Am. Stat. Assoc.},
  volume={44},
  number={247},
  pages={335--341},
  year={1949},
  publisher={Taylor \& Francis},
  doi={10.1080/01621459.1949.10483310}
}

@article{mezard2001bethe,
  title={The {B}ethe lattice spin glass revisited},
  author={M{\'e}zard, Marc and Parisi, Giorgio},
  journal={Eur. Phys. J. B},
  volume={20},
  number={2},
  pages={217--233},
  year={2001},
  publisher={Springer},
  doi={10.1007/PL00011099}
}

@article{mooij2007sufficient,
  title={Sufficient conditions for convergence of the sum--product algorithm},
  author={Mooij, Joris M and Kappen, Hilbert J},
  journal={{IEEE} Transactions on Information Theory},
  volume={53},
  number={12},
  pages={4422--4437},
  year={2007},
  publisher={IEEE},
  doi={10.1109/TIT.2007.909166}
}

@article{mori2013new,
  title={New understanding of the {B}ethe approximation and the replica method},
  author={Mori, Ryuhei},
  journal={arXiv Preprint},
  year={2013},
  archiveprefix={arXiv},
  eprint={1303.2168}
}

@article{muller1973dynamic,
  title={Dynamic properties of the {M}onte {C}arlo method in statistical mechanics},
  author={M{\"u}ller-Krumbhaar, Heiner and Binder, Kurt},
  journal={J. Stat. Phys.},
  volume={8},
  number={1},
  pages={1--24},
  year={1973},
  publisher={Springer},
  doi={10.1007/BF01008440}
}

@book{nishimori2001statistical,
  title={Statistical Physics of Spin Glasses and Information Processing: {A}n Introduction},
  author={Nishimori, Hidetoshi},
  chapter={1},
  year={2001},
  publisher={Clarendon Press},
  isbn={978-0-19-850940-0}
}

@article{onsager1944crystal,
  title={Crystal statistics. {I}. {A} two-dimensional model with an order-disorder transition},
  author={Onsager, Lars},
  journal={Phys. Rev.},
  volume={65},
  number={3-4},
  pages={117},
  year={1944},
  publisher={American Physics Society},
  doi={10.1103/PhysRev.65.117}
}

@book{press2007numerical,
  title={Numerical Recipes},
  author={Press, William H. and Teukolsky, Saul A. and Vetterling, William T. and Flannery, Brian P.},
  chapter={7},
  year={2007},
  publisher={Cambridge University Press},
  isbn={978-0-521-88068-8}
}

@article{robert2020markov,
  title={{M}arkov chain {M}onte {C}arlo methods, a survey with some frequent misunderstandings},
  author={Robert, Christian P. and Changye, Wu},
  journal={arXiv Preprint},
  year={2020},
  archiveprefix={arXiv},
  eprint={2001.06249}
}

@article{sutton1999policy,
  title={Policy gradient methods for reinforcement learning with function approximation},
  author={Sutton, Richard S. and McAllester, David and Singh, Satinder and Mansour, Yishay},
  journal={Advances in Neural Information Processing Systems},
  volume={12},
  year={1999}
}

@misc{TODO,
  title={TODO}
}

@article{vats2021revisiting,
  title={Revisiting the {G}elman--{R}ubin diagnostic},
  author={Vats, Dootika and Knudson, Christina},
  journal={Stat. Sci.},
  volume={36},
  number={4},
  pages={518--529},
  year={2021},
  publisher={Institute of Mathematical Statistics},
  doi={10.1214/20-STS812}
}

@article{vicentini2022netket,
  title={{NetKet} 3: {M}achine learning toolbox for many-body quantum systems},
  author={Vicentini, Filippo and Hofmann, Damian and Szab{\'o}, Attila and Wu, Dian and Roth, Christopher and Giuliani, Clemens and Pescia, Gabriel and Nys, Jannes and Vargas-Calderon, Vladimir and Astrakhantsev, Nikita and Carleo, Giuseppe},
  journal={SciPost Physics Codebases},
  pages={7},
  year={2022},
  doi={10.21468/SciPostPhysCodeb.7}
}

@article{wang2001efficient,
  title={Efficient, multiple-range random walk algorithm to calculate the density of states},
  author={Wang, Fugao and Landau, David P.},
  journal={Phys. Rev. Lett.},
  volume={86},
  number={10},
  pages={2050},
  year={2001},
  publisher={American Physics Society},
  doi={10.1103/PhysRevLett.86.2050}
}

@article{weiss1907hypothese,
  title={L'hypoth{\`e}se du champ mol{\'e}culaire et la propri{\'e}t{\'e} ferromagn{\'e}tique},
  author={Weiss, Pierre},
  journal={J. Phys. Theor. Appl.},
  volume={6},
  number={1},
  pages={661--690},
  year={1907},
  publisher={Soci{\'e}t{\'e} Fran{\c{c}}aise de Physique},
  doi={10.1051/jphystap:019070060066100}
}

@inbook{weisse2008exact,
  title={Exact diagonalization techniques},
  author={Wei{\ss}e, Alexander and Fehske, Holger},
  booktitle={Computational Many-Particle Physics},
  chapter={18},
  year={2008},
  publisher={Springer},
  isbn={978-3-540-74685-0}
}

@article{williams1992simple,
  title={Simple statistical gradient-following algorithms for connectionist reinforcement learning},
  author={Williams, Ronald J.},
  journal={Mach. Learn.},
  volume={8},
  pages={229--256},
  year={1992},
  publisher={Springer},
  doi={10.1007/BF00992696}
}

@article{wu2019solving,
  title={Solving statistical mechanics using variational autoregressive networks},
  author={Wu, Dian and Wang, Lei and Zhang, Pan},
  journal={Phys. Rev. Lett.},
  volume={122},
  number={8},
  pages={080602},
  year={2019},
  publisher={American Physics Society},
  doi={10.1103/PhysRevLett.122.080602}
}

@article{wu2021unbiased,
  title={Unbiased {M}onte {C}arlo cluster updates with autoregressive neural networks},
  author={Wu, Dian and Rossi, Riccardo and Carleo, Giuseppe},
  journal={Phys. Rev. Res.},
  volume={3},
  number={4},
  pages={L042024},
  year={2021},
  publisher={American Physics Society},
  doi={10.1103/PhysRevResearch.3.L042024}
}

@article{wu2023tensor,
  title={From tensor-network quantum states to tensorial recurrent neural networks},
  author={Wu, Dian and Rossi, Riccardo and Vicentini, Filippo and Carleo, Giuseppe},
  journal={Phys. Rev. Res.},
  volume={5},
  number={3},
  pages={L032001},
  year={2023},
  publisher={American Physics Society},
  doi={10.1103/PhysRevResearch.5.L032001}
}

@article{wu2023variational,
  title={Variational benchmarks for quantum many-body problems},
  author={Wu, Dian and Rossi, Riccardo and Vicentini, Filippo and Astrakhantsev, Nikita and Becca, Federico and Cao, Xiaodong and Carrasquilla, Juan and Ferrari, Francesco and Georges, Antoine and Hibat-Allah, Mohamed and others},
  journal={arXiv Preprint},
  year={2023},
  archiveprefix={arXiv},
  eprint={2302.04919}
}

@inbook{yedidia2003understanding,
  title={Understanding belief propagation and its generalizations},
  author={Yedidia, Jonathan S. and Freeman, William T. and Weiss, Yair},
  booktitle={Exploring Artificial Intelligence in the New Millennium},
  pages={236--239},
  year={2003},
  publisher={Morgan Kaufmann},
  isbn={978-1-55860-811-5}
}

@article{zdeborova2016statistical,
  title={Statistical physics of inference: {T}hresholds and algorithms},
  author={Zdeborov{\'a}, Lenka and Krzakala, Florent},
  journal={Adv. Phys.},
  volume={65},
  number={5},
  pages={453--552},
  year={2016},
  publisher={Taylor \& Francis},
  doi={10.1080/00018732.2016.1211393}
}
